% Encoding: UTF-8

@Article{Paper_A,
  author    = {A. Mustermann, B. Musterfrau, C. Musterprof},
  title     = {{Titel von Paper A}},
  journal   = {International Journal of Whatever},
  year      = {2000},
  volume    = {6},
  number    = {3--4},
  pages     = {371--378},
  doi       = {10.1017/S1754078714006221},
  publisher = {IEEE},
}

@Article{Paper_B,
  author    = {A. Mustermann, B. Musterfrau, C. Musterprof},
  title     = {{Titel von Paper B}},
  journal   = {International Journal of Whatever},
  year      = {2000},
  volume    = {6},
  number    = {3--4},
  pages     = {371--378},
  doi       = {10.1017/S1754078714006221},
  publisher = {IEEE},
}

@Comment{jabref-meta: databaseType:bibtex;}
