% Beachten Sie beim Kompilieren mit bibtex, dass alle Umlaute in dieser Datei in folgendem LaTeX-Stil stehen:  f체r 채 {\"a}, f체r 체 {\"u} etc.
% Mehrere Autoren durch "and" trennen

@InProceedings{Mustermann2018,
  author    = {Mustermann, Anton},
  title     = {Titel von Paper C},
  booktitle = {IEEE International Conference},
  year      = {2018},
  pages     = {1--4},
  month     = {April},
  doi       = {10.1509},
}

@InProceedings{Mustermann2019,
  author    = {Mustermann, Anton},
  title     = {Titel von Paper D},
  booktitle = {IEEE International Conference},
  year      = {2019},
  pages     = {6--45},
  month     = {April},
  doi       = {10.1509},
}

@Comment{jabref-meta: databaseType:bibtex;}
