% Beachten Sie beim Kompilieren mit bibtex, dass alle Umlaute in dieser Datei in folgendem LaTeX-Stil stehen:  f체r 채 {\"a}, f체r 체 {\"u} etc.
% Mehrere Autoren durch "and" trennen

@book{Bucher2021,
	author = {Bucher, Conrad},
	title = {Titel des Buches},
	address = {Ort},
	publisher = {Verlag},
	year = {2021},
	edition = {2., durchgesehene und aktualisierte Auflage},
	language = {Deutsch},
	pages = {279 Seiten},
	note = {Hauptbibliothek},
}

@article{Zeitschriftler2000,
  author = {Zeitschriftler, Anna},
  title = {Titel des Zeitschriftenaufsatzes},
  journal = {Name der Zeitschrift},
  year = {2000},
  volume = {6},
  number = {3--4},
  pages = {371--378},
  doi = {10.1017/S1754078714006221},
  publisher = {IEEE},
}

@Comment{jabref-meta: databaseType:bibtex;}